@inproceedings{chen2015event,
  title={Event extraction via dynamic multi-pooling convolutional neural networks},
  author={Chen, Yubo and Xu, Liheng and Liu, Kang and Zeng, Daojian and Zhao, Jun},
  booktitle={Proceedings of the 53rd Annual Meeting of the Association for Computational Linguistics and the 7th International Joint Conference on Natural Language Processing (Volume 1: Long Papers)},
  pages={167--176},
  year={2015}
}

@inproceedings{wang2019hmeae,
  title={HMEAE: Hierarchical modular event argument extraction},
  author={Wang, Xiaozhi and Wang, Ziqi and Han, Xu and Liu, Zhiyuan and Li, Juanzi and Li, Peng and Sun, Maosong and Zhou, Jie and Ren, Xiang},
  booktitle={Proceedings of the 2019 Conference on Empirical Methods in Natural Language Processing and the 9th International Joint Conference on Natural Language Processing (EMNLP-IJCNLP)},
  pages={5777--5783},
  year={2019}
}

@inproceedings{xiangyu2021capturing,
  title={Capturing Event Argument Interaction via A Bi-Directional Entity-Level Recurrent Decoder},
  author={Xiangyu, Xi and Ye, Wei and Zhang, Shikun and Wang, Quanxiu and Jiang, Huixing and Wu, Wei},
  booktitle={Proceedings of the 59th Annual Meeting of the Association for Computational Linguistics and the 11th International Joint Conference on Natural Language Processing (Volume 1: Long Papers)},
  pages={210--219},
  year={2021}
}

@inproceedings{peng2020learning,
  title={Learning from Context or Names? An Empirical Study on Neural Relation Extraction},
  author={Peng, Hao and Gao, Tianyu and Han, Xu and Lin, Yankai and Li, Peng and Liu, Zhiyuan and Sun, Maosong and Zhou, Jie},
  booktitle={Proceedings of the 2020 Conference on Empirical Methods in Natural Language Processing (EMNLP)},
  pages={3661--3672},
  year={2020}
}

@inproceedings{wang2019adversarial,
  title={Adversarial training for weakly supervised event detection},
  author={Wang, Xiaozhi and Han, Xu and Liu, Zhiyuan and Sun, Maosong and Li, Peng},
  booktitle={Proceedings of the 2019 Conference of the North American Chapter of the Association for Computational Linguistics: Human Language Technologies, Volume 1 (Long and Short Papers)},
  pages={998--1008},
  year={2019}
}

@inproceedings{hong2011using,
  title={Using cross-entity inference to improve event extraction},
  author={Hong, Yu and Zhang, Jianfeng and Ma, Bin and Yao, Jianmin and Zhou, Guodong and Zhu, Qiaoming},
  booktitle={Proceedings of the 49th annual meeting of the association for computational linguistics: human language technologies},
  pages={1127--1136},
  year={2011}
}

@inproceedings{chen2020simple,
  title={A simple framework for contrastive learning of visual representations},
  author={Chen, Ting and Kornblith, Simon and Norouzi, Mohammad and Hinton, Geoffrey},
  booktitle={International conference on machine learning},
  pages={1597--1607},
  year={2020},
  organization={PMLR}
}

@inproceedings{he2020momentum,
  title={Momentum Contrast for Unsupervised Visual Representation Learning},
  author={He, Kaiming and Fan, Haoqi and Wu, Yuxin and Xie, Saining and Girshick, Ross},
  booktitle={2020 IEEE/CVF Conference on Computer Vision and Pattern Recognition (CVPR)},
  pages={9726--9735},
  year={2020},
  organization={IEEE Computer Society}
}

@article{fang2020cert,
  title={Cert: Contrastive self-supervised learning for language understanding},
  author={Fang, Hongchao and Wang, Sicheng and Zhou, Meng and Ding, Jiayuan and Xie, Pengtao},
  journal={arXiv preprint arXiv:2005.12766},
  year={2020}
}

@inproceedings{wang2021cline,
  title={CLINE: Contrastive Learning with Semantic Negative Examples for Natural Language Understanding},
  author={Wang, Dong and Ding, Ning and Li, Piji and Zheng, Haitao},
  booktitle={Proceedings of the 59th Annual Meeting of the Association for Computational Linguistics and the 11th International Joint Conference on Natural Language Processing (Volume 1: Long Papers)},
  pages={2332--2342},
  year={2021}
}

@inproceedings{liu2021explicit,
  title={An Explicit-Joint and Supervised-Contrastive Learning Framework for Few-Shot Intent Classification and Slot Filling},
  author={Liu, Han and Zhang, Feng and Zhang, Xiaotong and Zhao, Siyang and Zhang, Xianchao},
  booktitle={Findings of the Association for Computational Linguistics: EMNLP 2021},
  pages={1945--1955},
  year={2021}
}

@article{yang2022supervised,
  title={Supervised contrastive learning for recommendation},
  author={Yang, Chun and Zou, Jianxiao and Wu, JianHua and Xu, Hongbing and Fan, Shicai},
  journal={Knowledge-Based Systems},
  volume={258},
  pages={109973},
  year={2022},
  publisher={Elsevier}
}

@inproceedings{ohashi2020text,
  title={Text classification with negative supervision},
  author={Ohashi, Sora and Takayama, Junya and Kajiwara, Tomoyuki and Chu, Chenhui and Arase, Yuki},
  booktitle={Proceedings of the 58th Annual Meeting of the Association for Computational Linguistics},
  pages={351--357},
  year={2020}
}

@inproceedings{nguyen2016joint,
  title={Joint event extraction via recurrent neural networks},
  author={Nguyen, Thien Huu and Cho, Kyunghyun and Grishman, Ralph},
  booktitle={Proceedings of the 2016 Conference of the North American Chapter of the Association for Computational Linguistics: Human Language Technologies},
  pages={300--309},
  year={2016}
}

@inproceedings{sha2018jointly,
  title={Jointly extracting event triggers and arguments by dependency-bridge RNN and tensor-based argument interaction},
  author={Sha, Lei and Qian, Feng and Chang, Baobao and Sui, Zhifang},
  booktitle={Proceedings of the AAAI conference on artificial intelligence},
  volume={32},
  number={1},
  pages={5916--5923},
  year={2018}
}

@inproceedings{devlin2019bert,
  title={BERT: Pre-training of Deep Bidirectional Transformers for Language Understanding},
  author={Devlin, Jacob and Chang, Ming-Wei and Lee, Kenton and Toutanova, Kristina},
  booktitle={Proceedings of the 2019 Conference of the North American Chapter of the Association for Computational Linguistics: Human Language Technologies, Volume 1 (Long and Short Papers)},
  pages={4171--4186},
  year={2019}
}

@article{salton1988term,
  title={Term-weighting approaches in automatic text retrieval},
  author={Salton, Gerard and Buckley, Christopher},
  journal={Information processing \& management},
  volume={24},
  number={5},
  pages={513--523},
  year={1988},
  publisher={Elsevier}
}

@inproceedings{yang2019exploring,
  title={Exploring pre-trained language models for event extraction and generation},
  author={Yang, Sen and Feng, Dawei and Qiao, Linbo and Kan, Zhigang and Li, Dongsheng},
  booktitle={Proceedings of the 57th Annual Meeting of the Association for Computational Linguistics},
  pages={5284--5294},
  year={2019}
}

@inproceedings{du2020event,
  title={Event Extraction by Answering (Almost) Natural Questions},
  author={Du, Xinya and Cardie, Claire},
  booktitle={Proceedings of the 2020 Conference on Empirical Methods in Natural Language Processing (EMNLP)},
  pages={671--683},
  year={2020}
}

@inproceedings{liu2018jointly,
  title={Jointly Multiple Events Extraction via Attention-based Graph Information Aggregation},
  author={Liu, Xiao and Luo, Zhunchen and Huang, He-Yan},
  booktitle={Proceedings of the 2018 Conference on Empirical Methods in Natural Language Processing},
  pages={1247--1256},
  year={2018}
}

@article{dozat2016deep,
  title={Deep biaffine attention for neural dependency parsing},
  author={Dozat, Timothy and Manning, Christopher D},
  journal={arXiv preprint arXiv:1611.01734},
  year={2016}
}

@inproceedings{liu2020event,
  title={Event extraction as machine reading comprehension},
  author={Liu, Jian and Chen, Yubo and Liu, Kang and Bi, Wei and Liu, Xiaojiang},
  booktitle={Proceedings of the 2020 Conference on Empirical Methods in Natural Language Processing (EMNLP)},
  pages={1641--1651},
  year={2020}
}

@article{vaswani2017attention,
  title={Attention is all you need},
  author={Vaswani, Ashish and Shazeer, Noam and Parmar, Niki and Uszkoreit, Jakob and Jones, Llion and Gomez, Aidan N and Kaiser, {\L}ukasz and Polosukhin, Illia},
  journal={Advances in neural information processing systems},
  volume={30},
  pages={6000--6010},
  year={2017}
}

@inproceedings{ma2022prompt,
  title={Prompt for Extraction? PAIE: Prompting Argument Interaction for Event Argument Extraction},
  author={Ma, Yubo and Wang, Zehao and Cao, Yixin and Li, Mukai and Chen, Meiqi and Wang, Kun and Shao, Jing},
  booktitle={Proceedings of the 60th Annual Meeting of the Association for Computational Linguistics (Volume 1: Long Papers)},
  pages={6759--6774},
  year={2022}
}

@inproceedings{he2023revisiting,
    title = {Revisiting Event Argument Extraction: Can EAE Models Learn Better When Being Aware of Event Co-occurrences?},
    author = {He, Yuxin and Hu, Jingyue and Tang, Buzhou},
    booktitle = {Proceedings of the 61st Annual Meeting of the Association for Computational Linguistics (Volume 1: Long Papers)},
    year = {2023},
    pages = {12542--12556}
}

@inproceedings{nguyen2023contextualized,
  title={Contextualized soft prompts for extraction of event arguments},
  author={Nguyen, Chien and Mẫn, Hiếu and Nguyen, Thien},
  booktitle={Findings of the Association for Computational Linguistics: ACL 2023},
  pages={4352--4361},
  year={2023}
}

@inproceedings{li2023intra,
  title={Intra-Event and Inter-Event Dependency-Aware Graph Network for Event Argument Extraction},
  author={Li, Hao and Cao, Yanan and Ren, Yubing and Fang, Fang and Zhang, Lanxue and Li, Yingjie and Wang, Shi},
  booktitle={Findings of the Association for Computational Linguistics: EMNLP 2023},
  pages={6362--6372},
  year={2023}
}

@inproceedings{hsu2022degree,
  title={DEGREE: A Data-Efficient Generation-Based Event Extraction Model},
  author={Hsu, I-Hung and Huang, Kuan-Hao and Boschee, Elizabeth and Miller, Scott and Natarajan, Prem and Chang, Kai-Wei and Peng, Nanyun},
  booktitle={Proceedings of the 2022 Conference of the North American Chapter of the Association for Computational Linguistics: Human Language Technologies},
  pages={1890--1908},
  year={2022}
}

@inproceedings{du2022dynamic,
  title={Dynamic Global Memory for Document-level Argument Extraction},
  author={Du, Xinya and Li, Sha and Ji, Heng},
  booktitle={Proceedings of the 60th Annual Meeting of the Association for Computational Linguistics (Volume 1: Long Papers)},
  pages={5264--5275},
  year={2022}
}

@inproceedings{zhang2023overlap,
  title={What Is Overlap Knowledge in Event Argument Extraction? APE: A Cross-datasets Transfer Learning Model for EAE},
  author={Zhang, Kaihang and Shuang, Kai and Yang, Xinyue and Yao, Xuyang and Guo, Jinyu},
  booktitle={Proceedings of the 61st Annual Meeting of the Association for Computational Linguistics (Volume 1: Long Papers)},
  pages={393--409},
  year={2023}
}

@inproceedings{wang2022query,
  title={Query and Extract: Refining Event Extraction as Type-oriented Binary Decoding},
  author={Wang, Sijia and Yu, Mo and Chang, Shiyu and Sun, Lichao and Huang, Lifu},
  booktitle={Findings of the Association for Computational Linguistics: ACL 2022},
  pages={169--182},
  year={2022}
}

@inproceedings{lou2023universal,
  title={Universal Information Extraction as Unified Semantic Matching},
  author={Lou, Jie and Lu, Yaojie and Dai, Dai and Jia, Wei and Lin, Hongyu and Han, Xianpei and Sun, Le and Wu, Hua},
  booktitle={Proceedings of the AAAI Conference on Artificial Intelligence},
  volume={37},
  number={11},
  pages={13318--13326},
  year={2023}
}

@inproceedings{liu2023rexuie,
    title={{R}ex{UIE}: A Recursive Method with Explicit Schema Instructor for Universal Information Extraction}, 
    author={Liu, Chengyuan and Zhao, Fubang and Kang, Yangyang and Zhang, Jingyuan and Zhou, Xiang and Sun, Changlong and Kuang, Kun and Wu, Fei},
    booktitle={Findings of the Association for Computational Linguistics: EMNLP 2023},
    pages={15342--15359},
    year={2023}
}

@inproceedings{zeng2022ea2e,
  title={EA2E: Improving Consistency with Event Awareness for Document-Level Argument Extraction},
  author={Zeng, Qi and Zhan, Qiusi and Ji, Heng},
  booktitle={Findings of the Association for Computational Linguistics: NAACL 2022},
  pages={2649--2655},
  year={2022}
}

@inproceedings{tang2022unirel,
  title={UniRel: Unified Representation and Interaction for Joint Relational Triple Extraction},
  author={Tang, Wei and Xu, Benfeng and Zhao, Yuyue and Mao, Zhendong and Liu, Yifeng and Liao, Yong and Xie, Haiyong},
  booktitle={Proceedings of the 2022 Conference on Empirical Methods in Natural Language Processing},
  pages={7087--7099},
  year={2022}
}

@inproceedings{yu2021semi,
  title={Semi-open information extraction},
  author={Yu, Bowen and Zhang, Zhenyu and Sheng, Jiawei and Liu, Tingwen and Wang, Yubin and Wang, Yucheng and Wang, Bin},
  booktitle={Proceedings of the Web Conference 2021},
  pages={1661--1672},
  year={2021}
}

@inproceedings{xu2022extracting,
  title={Extracting Trigger-sharing Events via an Event Matrix},
  author={Xu, Jun and Xu, Weidi and Sun, Mengshu and Wang, Taifeng and Chu, Wei},
  booktitle={Findings of the Association for Computational Linguistics: EMNLP 2022},
  pages={1189--1201},
  year={2022}
}

@article{wolpert1992stacked,
  title={Stacked generalization},
  author={Wolpert, David H},
  journal={Neural networks},
  volume={5},
  number={2},
  pages={241--259},
  year={1992},
  publisher={Elsevier}
}

@inproceedings{doddington2004automatic,
  title={The Automatic Content Extraction (ACE) Program--Tasks, Data, and Evaluation},
  author={Doddington, George R and Mitchell, Alexis and Przybocki, Mark and Ramshaw, Lance and Strassel, Stephanie and Weischedel, Ralph},
  booktitle={Proceedings of the Fourth International Conference on Language Resources and Evaluation (LREC’04)},
  pages={837--840},
  year={2004}
}

@inproceedings{wadden2019entity,
  title={Entity, Relation, and Event Extraction with Contextualized Span Representations},
  author={Wadden, David and Wennberg, Ulme and Luan, Yi and Hajishirzi, Hannaneh},
  booktitle={Proceedings of the 2019 Conference on Empirical Methods in Natural Language Processing and the 9th International Joint Conference on Natural Language Processing (EMNLP-IJCNLP)},
  pages={5784--5789},
  year={2019}
}

@inproceedings{ebner2020multi,
  title={Multi-Sentence Argument Linking},
  author={Ebner, Seth and Xia, Patrick and Culkin, Ryan and Rawlins, Kyle and Van Durme, Benjamin},
  booktitle={Proceedings of the 58th Annual Meeting of the Association for Computational Linguistics},
  pages={8057--8077},
  year={2020}
}

@article{pyysalo2012event,
  title={Event extraction across multiple levels of biological organization},
  author={Pyysalo, Sampo and Ohta, Tomoko and Miwa, Makoto and Cho, Han-Cheol and Tsujii, Jun'ichi and Ananiadou, Sophia},
  journal={Bioinformatics},
  volume={28},
  number={18},
  pages={i575--i581},
  year={2012},
  publisher={Oxford University Press}
}

@article{trieu2020deepeventmine,
  title={DeepEventMine: end-to-end neural nested event extraction from biomedical texts},
  author={Trieu, Hai-Long and Tran, Thy Thy and Duong, Khoa NA and Nguyen, Anh and Miwa, Makoto and Ananiadou, Sophia},
  journal={Bioinformatics},
  volume={36},
  number={19},
  pages={4910--4917},
  year={2020},
  publisher={Oxford University Press}
}

@inproceedings{li2021document,
  title={Document-Level Event Argument Extraction by Conditional Generation},
  author={Li, Sha and Ji, Heng and Han, Jiawei},
  booktitle={Proceedings of the 2021 Conference of the North American Chapter of the Association for Computational Linguistics: Human Language Technologies},
  pages={894--908},
  year={2021}
}

@article{liu2019roberta,
  title={Roberta: A robustly optimized bert pretraining approach},
  author={Liu, Yinhan and Ott, Myle and Goyal, Naman and Du, Jingfei and Joshi, Mandar and Chen, Danqi and Levy, Omer and Lewis, Mike and Zettlemoyer, Luke and Stoyanov, Veselin},
  journal={arXiv preprint arXiv:1907.11692},
  year={2019}
}

@inproceedings{zhou2022multi,
  title={A Multi-Format Transfer Learning Model for Event Argument Extraction via Variational Information Bottleneck},
  author={Zhou, Jie and Zhang, Qi and Chen, Qin and He, Liang and Huang, Xuan-Jing},
  booktitle={Proceedings of the 29th International Conference on Computational Linguistics},
  pages={1990--2000},
  year={2022}
}

@inproceedings{luo2023context,
  title={Context-Aware Prompt for Generation-based Event Argument Extraction with Diffusion Models},
  author={Luo, Lei and Xu, Yajing},
  booktitle={Proceedings of the 32nd ACM International Conference on Information and Knowledge Management},
  pages={1717--1725},
  year={2023}
}

@inproceedings{dos2015classifying,
  title={Classifying Relations by Ranking with Convolutional Neural Networks},
  author={dos Santos, Cicero and Xiang, Bing and Zhou, Bowen},
  booktitle={Proceedings of the 53rd Annual Meeting of the Association for Computational Linguistics and the 7th International Joint Conference on Natural Language Processing (Volume 1: Long Papers)},
  pages={626--634},
  year={2015}
}

@inproceedings{chen2018collective,
  title={Collective event detection via a hierarchical and bias tagging networks with gated multi-level attention mechanisms},
  author={Chen, Yubo and Yang, Hang and Liu, Kang and Zhao, Jun and Jia, Yantao},
  booktitle={Proceedings of the 2018 Conference on Empirical Methods in Natural Language Processing},
  pages={1267--1276},
  year={2018}
}

@inproceedings{ye2019exploiting,
  title={Exploiting Entity BIO Tag Embeddings and Multi-task Learning for Relation Extraction with Imbalanced Data},
  author={Ye, Wei and Li, Bo and Xie, Rui and Sheng, Zhonghao and Chen, Long and Zhang, Shikun},
  booktitle={Proceedings of the 57th Annual Meeting of the Association for Computational Linguistics},
  pages={1351--1360},
  year={2019}
}

@inproceedings{yan2019event,
  title={Event Detection with Multi-Order Graph Convolution and Aggregated Attention},
  author={Yan, Haoran and Jin, Xiaolong and Meng, Xiangbin and Guo, Jiafeng and Cheng, Xueqi},
  booktitle={Proceedings of the 2019 Conference on Empirical Methods in Natural Language Processing and the 9th International Joint Conference on Natural Language Processing (EMNLP-IJCNLP)},
  pages={5770--5774},
  year={2019}
}

@inproceedings{cui2020edge,
  title={Edge-Enhanced Graph Convolution Networks for Event Detection with Syntactic Relation},
  author={Cui, Shiyao and Yu, Bowen and Liu, Tingwen and Zhang, Zhenyu and Wang, Xuebin and Shi, Jinqiao},
  booktitle={Findings of the Association for Computational Linguistics: EMNLP 2020},
  pages={2329--2339},
  year={2020}
}

@article{hinton2015distilling,
  title={Distilling the knowledge in a neural network},
  author={Hinton, Geoffrey and Vinyals, Oriol and Dean, Jeff},
  journal={arXiv preprint arXiv:1503.02531},
  year={2015}
}

@article{hochreiter1997long,
  title={Long short-term memory},
  author={Hochreiter, Sepp and Schmidhuber, J{\"u}rgen},
  journal={Neural computation},
  volume={9},
  number={8},
  pages={1735--1780},
  year={1997}
}

@inproceedings{lu2019distilling,
  title={Distilling discrimination and generalization knowledge for event detection via delta-representation learning},
  author={Lu, Yaojie and Lin, Hongyu and Han, Xianpei and Sun, Le},
  booktitle={Proceedings of the 57th Annual Meeting of the Association for Computational Linguistics},
  pages={4366--4376},
  year={2019}
}

@inproceedings{li2013joint,
  title={Joint event extraction via structured prediction with global features},
  author={Li, Qi and Ji, Heng and Huang, Liang},
  booktitle={Proceedings of the 51st Annual Meeting of the Association for Computational Linguistics (Volume 1: Long Papers)},
  pages={73--82},
  year={2013}
}

@inproceedings{peng2023fsuie,
  title={FSUIE: A Novel Fuzzy Span Mechanism for Universal Information Extraction},
  author={Peng, Tianshuo and Li, Zuchao and Zhang, Lefei and Du, Bo and Zhao, Hai},
  booktitle={Proceedings of the 61st Annual Meeting of the Association for Computational Linguistics (Volume 1: Long Papers)},
  pages={16318--16333},
  year={2023}
}

@inproceedings{jia2023modeling,
  title={Modeling Instance Interactions for Joint Information Extraction with Neural High-Order Conditional Random Field},
  author={Jia, Zixia and Yan, Zhaohui and Han, Wenjuan and Zheng, Zilong and Tu, Kewei},
  booktitle={Proceedings of the 61st Annual Meeting of the Association for Computational Linguistics (Volume 1: Long Papers)},
  pages={13695--13710},
  year={2023}
}

@inproceedings{wen2021resin,
  title={Resin: A dockerized schema-guided cross-document cross-lingual cross-media information extraction and event tracking system},
  author={Wen, Haoyang and Lin, Ying and Lai, Tuan and Pan, Xiaoman and Li, Sha and Lin, Xudong and Zhou, Ben and Li, Manling and Wang, Haoyu and Zhang, Hongming and others},
  booktitle={Proceedings of the 2021 Conference of the North American Chapter of the Association for Computational Linguistics: Human Language Technologies: Demonstrations},
  pages={133--143},
  year={2021}
}

@inproceedings{boyd2020question,
  title={What Question Answering can Learn from Trivia Nerds},
  author={Boyd-Graber, Jordan and B{\"o}rschinger, Benjamin},
  booktitle={Proceedings of the 58th Annual Meeting of the Association for Computational Linguistics},
  pages={7422--7435},
  year={2020}
}

@inproceedings{liu2023covid,
  title={COVID-VTS: Fact Extraction and Verification on Short Video Platforms},
  author={Liu, Fuxiao and Yacoob, Yaser and Shrivastava, Abhinav},
  booktitle={Proceedings of the 17th Conference of the European Chapter of the Association for Computational Linguistics},
  pages={178--188},
  year={2023}
}

@inproceedings{wu2022cross,
  title={Cross-document misinformation detection based on event graph reasoning},
  author={Wu, Xueqing and Huang, Kung-Hsiang and Fung, Yi and Ji, Heng},
  booktitle={Proceedings of the 2022 Conference of the North American Chapter of the Association for Computational Linguistics: Human Language Technologies},
  pages={543--558},
  year={2022}
}

@inproceedings{zhang2021drl4ir,
  title={Drl4ir: 2nd workshop on deep reinforcement learning for information retrieval},
  author={Zhang, Weinan and Zhao, Xiangyu and Zhao, Li and Yin, Dawei and Yang, Grace Hui},
  booktitle={Proceedings of the 44th International ACM SIGIR Conference on Research and Development in Information Retrieval},
  pages={2681--2684},
  year={2021}
}

@inproceedings{kuhnle2021reinforcement,
  title={Reinforcement learning for information retrieval},
  author={Kuhnle, Alexander and Aroca-Ouellette, Miguel and Basu, Anindya and Sensoy, Murat and Reid, John and Zhang, Dell},
  booktitle={Proceedings of the 44th International ACM SIGIR Conference on Research and Development in Information Retrieval},
  pages={2669--2672},
  year={2021}
}

@inproceedings{liu2017cpmf,
  title={CPMF: A collective pairwise matrix factorization model for upcoming event recommendation},
  author={Liu, Chun-Yi and Zhou, Chuan and Wu, Jia and Xie, Hongtao and Hu, Yue and Guo, Li},
  booktitle={2017 International Joint Conference on Neural Networks (IJCNN)},
  pages={1532--1539},
  year={2017},
  organization={IEEE}
}

@article{abdollahi2023laser,
  title={LaSER: Language-specific event recommendation},
  author={Abdollahi, Sara and Gottschalk, Simon and Demidova, Elena},
  journal={Journal of Web Semantics},
  volume={75},
  pages={100759},
  year={2023},
  publisher={Elsevier}
}

@inproceedings{cheng2020knowledge,
  title={Knowledge graph-based event embedding framework for financial quantitative investments},
  author={Cheng, Dawei and Yang, Fangzhou and Wang, Xiaoyang and Zhang, Ying and Zhang, Liqing},
  booktitle={Proceedings of the 43rd International ACM SIGIR Conference on Research and Development in Information Retrieval},
  pages={2221--2230},
  year={2020}
}

@inproceedings{ahn2006stages,
  title={The stages of event extraction},
  author={Ahn, David},
  booktitle={Proceedings of the Workshop on Annotating and Reasoning about Time and Events},
  pages={1--8},
  year={2006}
}

@inproceedings{grishman1997information,
  title={Information extraction: Techniques and challenges},
  author={Grishman, Ralph},
  booktitle={Information Extraction A Multidisciplinary Approach to an Emerging Information Technology: International Summer School, SCIE-97 Frascati, Italy, July 14--18, 1997},
  pages={10--27},
  year={1997},
  organization={Springer}
}

@inproceedings{zhou2017event,
  title={Event extraction from Twitter using non-parametric Bayesian mixture model with word embeddings},
  author={Zhou, Deyu and Zhang, Xuan and He, Yulan},
  booktitle={Proceedings of the 15th Conference of the European Chapter of the Association for Computational Linguistics: Volume 1, Long Papers},
  pages={808--817},
  year={2017}
}

@inproceedings{li2020gaia,
  title={Gaia: A fine-grained multimedia knowledge extraction system},
  author={Li, Manling and Zareian, Alireza and Lin, Ying and Pan, Xiaoman and Whitehead, Spencer and Chen, Brian and Wu, Bo and Ji, Heng and Chang, Shih-Fu and Voss, Clare and others},
  booktitle={Proceedings of the 58th Annual Meeting of the Association for Computational Linguistics: System Demonstrations},
  pages={77--86},
  year={2020}
}

@inproceedings{li2022event,
  title={Event Transition Planning for Open-ended Text Generation},
  author={Li, Qintong and Li, Piji and Bi, Wei and Ren, Zhaochun and Lai, Yuxuan and Kong, Lingpeng},
  booktitle={Findings of the Association for Computational Linguistics: ACL 2022},
  pages={3412--3426},
  year={2022}
}

@inproceedings{cao2015improving,
  title={Improving event detection with dependency regularization},
  author={Cao, Kai and Li, Xiang and Grishman, Ralph},
  booktitle={Proceedings of the International Conference Recent Advances in Natural Language Processing},
  pages={78--83},
  year={2015}
}

@inproceedings{cao2015improving2,
  title={Improving event detection with active learning},
  author={Cao, Kai and Li, Xiang and Fan, Miao and Grishman, Ralph},
  booktitle={Proceedings of the International Conference Recent Advances in Natural Language Processing},
  pages={72--77},
  year={2015}
}

@inproceedings{chieu2002maximum,
  title={A maximum entropy approach to information extraction from semi-structured and free text},
  author={Chieu, Hai Leong and Ng, Hwee Tou},
  booktitle={Eighteenth national conference on Artificial intelligence},
  pages={786--791},
  year={2002}
}

@inproceedings{chen2009language,
  title={Language specific issue and feature exploration in Chinese event extraction},
  author={Chen, Zheng and Ji, Heng},
  booktitle={Proceedings of Human Language Technologies: The 2009 Annual Conference of the North American Chapter of the Association for Computational Linguistics, Companion Volume: Short Papers},
  pages={209--212},
  year={2009}
}

@inproceedings{ji2008refining,
  title={Refining event extraction through cross-document inference},
  author={Ji, Heng and Grishman, Ralph},
  booktitle={Proceedings of ACL-08: Hlt},
  pages={254--262},
  year={2008}
}

@inproceedings{gupta2009predicting,
  title={Predicting unknown time arguments based on cross-event propagation},
  author={Gupta, Prashant and Ji, Heng},
  booktitle={Proceedings of the ACL-IJCNLP 2009 Conference Short Papers},
  pages={369--372},
  year={2009}
}

@inproceedings{liao2011acquiring,
  title={Acquiring topic features to improve event extraction: in pre-selected and balanced collections},
  author={Liao, Shasha and Grishman, Ralph},
  booktitle={Proceedings of the International Conference Recent Advances in Natural Language Processing 2011},
  pages={9--16},
  year={2011}
}

@inproceedings{li2015improving,
  title={Improving event detection with abstract meaning representation},
  author={Li, Xiang and Nguyen, Thien Huu and Cao, Kai and Grishman, Ralph},
  booktitle={Proceedings of the first workshop on computing news storylines},
  pages={11--15},
  year={2015}
}

@inproceedings{nguyen2015event,
  title={Event detection and domain adaptation with convolutional neural networks},
  author={Nguyen, Thien Huu and Grishman, Ralph},
  booktitle={Proceedings of the 53rd Annual Meeting of the Association for Computational Linguistics and the 7th International Joint Conference on Natural Language Processing (Volume 2: Short Papers)},
  pages={365--371},
  year={2015}
}

@inproceedings{nguyen2016modeling,
  title={Modeling skip-grams for event detection with convolutional neural networks},
  author={Nguyen, Thien Huu and Grishman, Ralph},
  booktitle={Proceedings of the 2016 conference on empirical methods in natural language processing},
  pages={886--891},
  year={2016}
}

@inproceedings{ghaeini2016event,
  title={Event Nugget Detection with Forward-Backward Recurrent Neural Networks},
  author={Ghaeini, Reza and Fern, Xiaoli and Huang, Liang and Tadepalli, Prasad},
  booktitle={Proceedings of the 54th Annual Meeting of the Association for Computational Linguistics (Volume 2: Short Papers)},
  pages={369--373},
  year={2016}
}

@inproceedings{jagannatha2016bidirectional,
  title={Bidirectional RNN for medical event detection in electronic health records},
  author={Jagannatha, Abhyuday N and Yu, Hong},
  booktitle={Proceedings of the conference. Association for Computational Linguistics. North American Chapter. Meeting},
  volume={2016},
  pages={473},
  year={2016},
  organization={NIH Public Access}
}

@inproceedings{orr2018event,
  title={Event Detection with Neural Networks: A Rigorous Empirical Evaluation},
  author={Orr, J Walker and Tadepalli, Prasad and Fern, Xiaoli},
  booktitle={Proceedings of the 2018 Conference on Empirical Methods in Natural Language Processing},
  pages={999--1004},
  year={2018}
}

@article{feng2018language,
  title={A language-independent neural network for event detection},
  author={Feng, Xiaocheng and Qin, Bing and Liu, Ting},
  journal={Science China Information Sciences},
  volume={61},
  pages={1--12},
  year={2018},
  publisher={Springer}
}

@article{zhang2019empower,
  title={Empower event detection with bi-directional neural language model},
  author={Zhang, Yunyan and Xu, Guangluan and Wang, Yang and Liang, Xiao and Wang, Lei and Huang, Tinglei},
  journal={Knowledge-Based Systems},
  volume={167},
  pages={87--97},
  year={2019},
  publisher={Elsevier}
}

@inproceedings{kipf2016semi,
  title={Semi-Supervised Classification with Graph Convolutional Networks},
  author={Kipf, Thomas N and Welling, Max},
  booktitle={International Conference on Learning Representations},
  year={2016}
}

@inproceedings{lou2021mlbinet,
  title={MLBiNet: A Cross-Sentence Collective Event Detection Network},
  author={Lou, Dongfang and Liao, Zhilin and Deng, Shumin and Zhang, Ningyu and Chen, Huajun},
  booktitle={Proceedings of the 59th Annual Meeting of the Association for Computational Linguistics and the 11th International Joint Conference on Natural Language Processing (Volume 1: Long Papers)},
  pages={4829--4839},
  year={2021}
}

@inproceedings{liu2019event,
  title={Event detection without triggers},
  author={Liu, Shulin and Li, Yang and Zhang, Feng and Yang, Tao and Zhou, Xinpeng},
  booktitle={Proceedings of the 2019 Conference of the North American Chapter of the Association for Computational Linguistics: Human Language Technologies, Volume 1 (Long and Short Papers)},
  pages={735--744},
  year={2019}
}

@article{zhou2020graph,
  title={Graph neural networks: A review of methods and applications},
  author={Zhou, Jie and Cui, Ganqu and Hu, Shengding and Zhang, Zhengyan and Yang, Cheng and Liu, Zhiyuan and Wang, Lifeng and Li, Changcheng and Sun, Maosong},
  journal={AI open},
  volume={1},
  pages={57--81},
  year={2020},
  publisher={Elsevier}
}

@article{velivckovic2017graph,
  title={Graph attention networks},
  author={Veli{\v{c}}kovi{\'c}, Petar and Cucurull, Guillem and Casanova, Arantxa and Romero, Adriana and Lio, Pietro and Bengio, Yoshua},
  journal={arXiv preprint arXiv:1710.10903},
  year={2017}
}

@inproceedings{cui2020edge,
  title={Edge-Enhanced Graph Convolution Networks for Event Detection with Syntactic Relation},
  author={Cui, Shiyao and Yu, Bowen and Liu, Tingwen and Zhang, Zhenyu and Wang, Xuebin and Shi, Jinqiao},
  booktitle={Findings of the Association for Computational Linguistics: EMNLP 2020},
  pages={2329--2339},
  year={2020}
}

@inproceedings{lai2020event,
  title={Event Detection: Gate Diversity and Syntactic Importance Scores for Graph Convolution Neural Networks},
  author={Lai, Viet Dac and Nguyen, Tuan Ngo and Nguyen, Thien Huu},
  booktitle={Proceedings of the 2020 Conference on Empirical Methods in Natural Language Processing (EMNLP)},
  pages={5405--5411},
  year={2020}
}

@inproceedings{liu2021self,
  title={Self-attention graph residual convolutional networks for event detection with dependency relations},
  author={Liu, Anan and Xu, Ning and Liu, Haozhe},
  booktitle={Findings of the Association for Computational Linguistics: EMNLP 2021},
  pages={302--311},
  year={2021}
}

@inproceedings{mi2022event,
  title={Event Detection with Dual Relational Graph Attention Networks},
  author={Mi, Jiaxin and Hu, Po and Li, Peng},
  booktitle={Proceedings of the 29th International Conference on Computational Linguistics},
  pages={1979--1989},
  year={2022}
}

@inproceedings{kenton2019bert,
  title={BERT: Pre-training of Deep Bidirectional Transformers for Language Understanding},
  author={Kenton, Jacob Devlin Ming-Wei Chang and Toutanova, Lee Kristina},
  booktitle={Proceedings of NAACL-HLT},
  pages={4171--4186},
  year={2019}
}

@article{vaswani2017attention,
  title={Attention is all you need},
  author={Vaswani, Ashish and Shazeer, Noam and Parmar, Niki and Uszkoreit, Jakob and Jones, Llion and Gomez, Aidan N and Kaiser, {\L}ukasz and Polosukhin, Illia},
  journal={Advances in neural information processing systems},
  volume={30},
  year={2017}
}

@article{wu2016google,
  title={Google's neural machine translation system: Bridging the gap between human and machine translation},
  author={Wu, Yonghui and Schuster, Mike and Chen, Zhifeng and Le, Quoc V and Norouzi, Mohammad and Macherey, Wolfgang and Krikun, Maxim and Cao, Yuan and Gao, Qin and Macherey, Klaus and others},
  journal={arXiv preprint arXiv:1609.08144},
  year={2016}
}

@inproceedings{li2020event,
  title={Event extraction as multi-turn question answering},
  author={Li, Fayuan and Peng, Weihua and Chen, Yuguang and Wang, Quan and Pan, Lu and Lyu, Yajuan and Zhu, Yong},
  booktitle={Findings of the Association for Computational Linguistics: EMNLP 2020},
  pages={829--838},
  year={2020}
}

@inproceedings{veyseh2021modeling,
  title={Modeling document-level context for event detection via important context selection},
  author={Veyseh, Amir Pouran Ben and Van Nguyen, Minh and Trung, Nghia Ngo and Min, Bonan and Nguyen, Thien Huu},
  booktitle={Proceedings of the 2021 conference on empirical methods in natural language processing},
  pages={5403--5413},
  year={2021}
}

@inproceedings{sundararajan2017axiomatic,
  title={Axiomatic attribution for deep networks},
  author={Sundararajan, Mukund and Taly, Ankur and Yan, Qiqi},
  booktitle={International conference on machine learning},
  pages={3319--3328},
  year={2017},
  organization={PMLR}
}

@inproceedings{liu2022saliency,
  title={Saliency as evidence: Event detection with trigger saliency attribution},
  author={Liu, Jian and Chen, Yufeng and Xu, Jinan},
  booktitle={Proceedings of the 60th Annual Meeting of the Association for Computational Linguistics (Volume 1: Long Papers)},
  pages={4573--4585},
  year={2022}
}

@inproceedings{liu2020does,
  title={How does context matter? On the robustness of event detection with context-selective mask generalization},
  author={Liu, Jian and Chen, Yubo and Liu, Kang and Jia, Yantao and Sheng, Zhicheng},
  booktitle={Findings of the Association for Computational Linguistics: EMNLP 2020},
  pages={2523--2532},
  year={2020}
}

@article{harris1970distributional,
  title={Distributional Structure},
  author={Harris, Zellig S and Harris, Zellig S},
  journal={Papers in Structural and Transformational Linguistics},
  pages={775--794},
  year={1970},
  publisher={Springer}
}

@inproceedings{tong2020improving,
  title={Improving event detection via open-domain event trigger knowledge.(2020)},
  author={TONG, Meihan and XU, Bin and WANG, Shuai and CAO, Yixin and HOU, Lei and LI, Juanzi and XIE, Jun},
  booktitle={Proceedings of the 58th Annual Meeting of the Association for Computational Linguistics, Virtual Conference},
  pages={5--10},
  year={2020}
}

@inproceedings{lu2019distilling,
  title={Distilling discrimination and generalization knowledge for event detection via delta-representation learning},
  author={Lu, Yaojie and Lin, Hongyu and Han, Xianpei and Sun, Le},
  booktitle={Proceedings of the 57th Annual Meeting of the Association for Computational Linguistics},
  pages={4366--4376},
  year={2019}
}

@article{wang2022art,
  title={The art of prompting: Event detection based on type specific prompts},
  author={Wang, Sijia and Yu, Mo and Huang, Lifu},
  journal={arXiv preprint arXiv:2204.07241},
  year={2022}
}

@article{radford2018improving,
  title={Improving language understanding by generative pre-training},
  author={Radford, Alec and Narasimhan, Karthik and Salimans, Tim and Sutskever, Ilya and others}
}

@article{radford2019language,
  title={Language models are unsupervised multitask learners},
  author={Radford, Alec and Wu, Jeffrey and Child, Rewon and Luan, David and Amodei, Dario and Sutskever, Ilya and others},
  journal={OpenAI blog},
  volume={1},
  number={8},
  pages={9},
  year={2019}
}

@article{thoppilan2022lamda,
  title={Lamda: Language models for dialog applications},
  author={Thoppilan, Romal and De Freitas, Daniel and Hall, Jamie and Shazeer, Noam and Kulshreshtha, Apoorv and Cheng, Heng-Tze and Jin, Alicia and Bos, Taylor and Baker, Leslie and Du, Yu and others},
  journal={arXiv preprint arXiv:2201.08239},
  year={2022}
}

@article{chowdhery2023palm,
  title={Palm: Scaling language modeling with pathways},
  author={Chowdhery, Aakanksha and Narang, Sharan and Devlin, Jacob and Bosma, Maarten and Mishra, Gaurav and Roberts, Adam and Barham, Paul and Chung, Hyung Won and Sutton, Charles and Gehrmann, Sebastian and others},
  journal={Journal of Machine Learning Research},
  volume={24},
  number={240},
  pages={1--113},
  year={2023}
}

@article{gao2023exploring,
  title={Exploring the feasibility of chatgpt for event extraction},
  author={Gao, Jun and Zhao, Huan and Yu, Changlong and Xu, Ruifeng},
  journal={arXiv preprint arXiv:2303.03836},
  year={2023}
}

@article{li2023evaluating,
  title={Evaluating ChatGPT's Information Extraction Capabilities: An Assessment of Performance, Explainability, Calibration, and Faithfulness},
  author={Li, Bo and Fang, Gexiang and Yang, Yang and Wang, Quansen and Ye, Wei and Zhao, Wen and Zhang, Shikun},
  journal={arXiv preprint arXiv:2304.11633},
  year={2023}
}

@article{han2023information,
  title={Is information extraction solved by chatgpt? an analysis of performance, evaluation criteria, robustness and errors},
  author={Han, Ridong and Peng, Tao and Yang, Chaohao and Wang, Benyou and Liu, Lu and Wan, Xiang},
  journal={arXiv preprint arXiv:2305.14450},
  year={2023}
}

@article{brown2020language,
  title={Language models are few-shot learners},
  author={Brown, Tom and Mann, Benjamin and Ryder, Nick and Subbiah, Melanie and Kaplan, Jared D and Dhariwal, Prafulla and Neelakantan, Arvind and Shyam, Pranav and Sastry, Girish and Askell, Amanda and others},
  journal={Advances in neural information processing systems},
  volume={33},
  pages={1877--1901},
  year={2020}
}

@article{wei2022chain,
  title={Chain-of-thought prompting elicits reasoning in large language models},
  author={Wei, Jason and Wang, Xuezhi and Schuurmans, Dale and Bosma, Maarten and Xia, Fei and Chi, Ed and Le, Quoc V and Zhou, Denny and others},
  journal={Advances in Neural Information Processing Systems},
  volume={35},
  pages={24824--24837},
  year={2022}
}

@inproceedings{wen2021resin,
  title={Resin: A dockerized schema-guided cross-document cross-lingual cross-media information extraction and event tracking system},
  author={Wen, Haoyang and Lin, Ying and Lai, Tuan and Pan, Xiaoman and Li, Sha and Lin, Xudong and Zhou, Ben and Li, Manling and Wang, Haoyu and Zhang, Hongming and others},
  booktitle={Proceedings of the 2021 Conference of the North American Chapter of the Association for Computational Linguistics: Human Language Technologies: Demonstrations},
  pages={133--143},
  year={2021}
}

@inproceedings{wu2022cross,
  title={Cross-document misinformation detection based on event graph reasoning},
  author={Wu, Xueqing and Huang, Kung-Hsiang and Fung, Yi and Ji, Heng},
  booktitle={Proceedings of the 2022 Conference of the North American Chapter of the Association for Computational Linguistics: Human Language Technologies},
  pages={543--558},
  year={2022}
}

@inproceedings{fung2023deepmaven,
  title={DeepMaven: Deep question answering on long-distance movie/TV show videos with multimedia knowledge extraction and synthesis},
  author={Fung, Yi and Wang, Han and Wang, Tong and Kebarighotbi, Ali and Bansal, Mohit and Ji, Heng and Natarajan, Prem},
  booktitle={Proceedings of the 17th Conference of the European Chapter of the Association for Computational Linguistics},
  pages={3033--3043},
  year={2023}
}

@inproceedings{liu2023covid,
  title={COVID-VTS: Fact Extraction and Verification on Short Video Platforms},
  author={Liu, Fuxiao and Yacoob, Yaser and Shrivastava, Abhinav},
  booktitle={Proceedings of the 17th Conference of the European Chapter of the Association for Computational Linguistics},
  pages={178--188},
  year={2023}
}

@inproceedings{cao2018including,
  title={Including new patterns to improve event extraction systems},
  author={Cao, Kai and Li, Xiang and Ma, Weicheng and Grishman, Ralph},
  booktitle={The Thirty-First International Flairs Conference},
  pages={487--492},
  year={2018}
}

@inproceedings{liao2010using,
  title={Using document level cross-event inference to improve event extraction},
  author={Liao, Shasha and Grishman, Ralph},
  booktitle={Proceedings of the 48th annual meeting of the association for computational linguistics},
  pages={789--797},
  year={2010}
}

@inproceedings{liao2011acquiring,
  title={Acquiring topic features to improve event extraction: in pre-selected and balanced collections},
  author={Liao, Shasha and Grishman, Ralph},
  booktitle={Proceedings of the International Conference Recent Advances in Natural Language Processing 2011},
  pages={9--16},
  year={2011}
}

@article{blei2003latent,
  title={Latent dirichlet allocation},
  author={Blei, David M and Ng, Andrew Y and Jordan, Michael I},
  journal={Journal of machine Learning research},
  volume={3},
  number={Jan},
  pages={993--1022},
  year={2003}
}

@article{hochreiter1997long,
  title={Long short-term memory},
  author={Hochreiter, Sepp and Schmidhuber, J{\"u}rgen},
  journal={Neural computation},
  volume={9},
  number={8},
  pages={1735--1780},
  year={1997},
  publisher={MIT press}
}

@inproceedings{nguyen2019one,
  title={One for all: Neural joint modeling of entities and events},
  author={Nguyen, Trung Minh and Nguyen, Thien Huu},
  booktitle={Proceedings of the AAAI conference on artificial intelligence},
  volume={33},
  number={01},
  pages={6851--6858},
  year={2019}
}

@inproceedings{lewis2020bart,
  title={BART: Denoising Sequence-to-Sequence Pre-training for Natural Language Generation, Translation, and Comprehension},
  author={Lewis, Mike and Liu, Yinhan and Goyal, Naman and Ghazvininejad, Marjan and Mohamed, Abdelrahman and Levy, Omer and Stoyanov, Veselin and Zettlemoyer, Luke},
  booktitle={Proceedings of the 58th Annual Meeting of the Association for Computational Linguistics},
  pages={7871--7880},
  year={2020}
}

@article{joshi2020spanbert,
  title={Spanbert: Improving pre-training by representing and predicting spans},
  author={Joshi, Mandar and Chen, Danqi and Liu, Yinhan and Weld, Daniel S and Zettlemoyer, Luke and Levy, Omer},
  journal={Transactions of the association for computational linguistics},
  volume={8},
  pages={64--77},
  year={2020}
}

@inproceedings{ma2020resource,
  title={Resource-Enhanced Neural Model for Event Argument Extraction},
  author={Ma, Jie and Wang, Shuai and Anubhai, Rishita and Ballesteros, Miguel and Al-Onaizan, Yaser},
  booktitle={Findings of the Association for Computational Linguistics: EMNLP 2020},
  pages={3554--3559},
  year={2020}
}

@inproceedings{zhang2020two,
  title={A two-step approach for implicit event argument detection},
  author={Zhang, Zhisong and Kong, Xiang and Liu, Zhengzhong and Ma, Xuezhe and Hovy, Eduard},
  booktitle={Proceedings of the 58th Annual Meeting of the Association for Computational Linguistics},
  pages={7479--7485},
  year={2020}
}

@inproceedings{xu2022two,
  title={A Two-Stream AMR-enhanced Model for Document-level Event Argument Extraction},
  author={Xu, Runxin and Wang, Peiyi and Liu, Tianyu and Zeng, Shuang and Chang, Baobao and Sui, Zhifang},
  booktitle={Proceedings of the 2022 Conference of the North American Chapter of the Association for Computational Linguistics: Human Language Technologies},
  pages={5025--5036},
  year={2022}
}

@inproceedings{banarescu2013abstract,
  title={Abstract meaning representation for sembanking},
  author={Banarescu, Laura and Bonial, Claire and Cai, Shu and Georgescu, Madalina and Griffitt, Kira and Hermjakob, Ulf and Knight, Kevin and Koehn, Philipp and Palmer, Martha and Schneider, Nathan},
  booktitle={Proceedings of the 7th linguistic annotation workshop and interoperability with discourse},
  pages={178--186},
  year={2013}
}

@inproceedings{rajpurkar2016squad,
  title={SQuAD: 100,000+ Questions for Machine Comprehension of Text},
  author={Rajpurkar, Pranav and Zhang, Jian and Lopyrev, Konstantin and Liang, Percy},
  booktitle={Proceedings of the 2016 Conference on Empirical Methods in Natural Language Processing},
  pages={2383--2392},
  year={2016}
}

@inproceedings{lu2023event,
  title={Event Extraction as Question Generation and Answering},
  author={Lu, Di and Ran, Shihao and Tetreault, Joel and Jaimes, Alejandro},
  booktitle={Proceedings of the 61st Annual Meeting of the Association for Computational Linguistics (Volume 2: Short Papers)},
  pages={1666--1688},
  year={2023}
}

@article{raffel2020exploring,
  title={Exploring the limits of transfer learning with a unified text-to-text transformer},
  author={Raffel, Colin and Shazeer, Noam and Roberts, Adam and Lee, Katherine and Narang, Sharan and Matena, Michael and Zhou, Yanqi and Li, Wei and Liu, Peter J},
  journal={Journal of machine learning research},
  volume={21},
  number={140},
  pages={1--67},
  year={2020}
}

@inproceedings{liu2021machine,
  title={Machine reading comprehension as data augmentation: A case study on implicit event argument extraction},
  author={Liu, Jian and Chen, Yufeng and Xu, Jinan},
  booktitle={Proceedings of the 2021 Conference on Empirical Methods in Natural Language Processing},
  pages={2716--2725},
  year={2021}
}

@article{atkins2003contribution,
  title={The contribution of FrameNet to practical lexicography},
  author={Atkins, Sue and Rundell, Michael and Sato, Hiroaki},
  journal={International Journal of Lexicography},
  volume={16},
  number={3},
  pages={333--357},
  year={2003}
}

@inproceedings{wei2021trigger,
  title={Trigger is not sufficient: Exploiting frame-aware knowledge for implicit event argument extraction},
  author={Wei, Kaiwen and Sun, Xian and Zhang, Zequn and Zhang, Jingyuan and Zhi, Guo and Jin, Li},
  booktitle={Proceedings of the 59th Annual Meeting of the Association for Computational Linguistics and the 11th International Joint Conference on Natural Language Processing (Volume 1: Long Papers)},
  pages={4672--4682},
  year={2021}
}

@inproceedings{zhou2021role,
  title={What the role is vs. what plays the role: Semi-supervised event argument extraction via dual question answering},
  author={Zhou, Yang and Chen, Yubo and Zhao, Jun and Wu, Yin and Xu, Jiexin and Li, Jinlong},
  booktitle={Proceedings of the AAAI conference on artificial intelligence},
  volume={35},
  number={16},
  pages={14638--14646},
  year={2021}
}

@inproceedings{seo2016bidirectional,
  title={Bidirectional Attention Flow for Machine Comprehension},
  author={Seo, Minjoon and Kembhavi, Aniruddha and Farhadi, Ali and Hajishirzi, Hannaneh},
  booktitle={International Conference on Learning Representations},
  year={2016}
}

@inproceedings{reimers2019sentence,
  title={Sentence-BERT: Sentence Embeddings using Siamese BERT-Networks},
  author={Reimers, Nils and Gurevych, Iryna},
  booktitle={Proceedings of the 2019 Conference on Empirical Methods in Natural Language Processing and the 9th International Joint Conference on Natural Language Processing (EMNLP-IJCNLP)},
  pages={3982--3992},
  year={2019}
}

@inproceedings{paszke2017automatic,
  title={Automatic differentiation in pytorch},
  author={Paszke, Adam and Gross, Sam and Chintala, Soumith and Chanan, Gregory and Yang, Edward and DeVito, Zachary and Lin, Zeming and Desmaison, Alban and Antiga, Luca and Lerer, Adam},
  booktitle={NIPS 2017 Autodiff Workshop},
  year={2017}
}

@inproceedings{zhang2017position,
  title={Position-aware Attention and Supervised Data Improve Slot Filling},
  author={Zhang, Yuhao and Zhong, Victor and Chen, Danqi and Angeli, Gabor and Manning, Christopher D},
  booktitle={Proceedings of the 2017 Conference on Empirical Methods in Natural Language Processing},
  pages={35--45},
  year={2017}
}

@inproceedings{zhang2018graph,
  title={Graph Convolution over Pruned Dependency Trees Improves Relation Extraction},
  author={Zhang, Yuhao and Qi, Peng and Manning, Christopher D},
  booktitle={Proceedings of the 2018 Conference on Empirical Methods in Natural Language Processing},
  pages={2205--2215},
  year={2018}
}

@inproceedings{guo2019attention,
  title={Attention Guided Graph Convolutional Networks for Relation Extraction},
  author={Guo, Zhijiang and Zhang, Yan and Lu, Wei},
  booktitle={Proceedings of the 57th Annual Meeting of the Association for Computational Linguistics},
  pages={241--251},
  year={2019}
}

@inproceedings{xue2021gdpnet,
  title={Gdpnet: Refining latent multi-view graph for relation extraction},
  author={Xue, Fuzhao and Sun, Aixin and Zhang, Hao and Chng, Eng Siong},
  booktitle={Proceedings of the AAAI Conference on Artificial Intelligence},
  volume={35},
  number={16},
  pages={14194--14202},
  year={2021}
}

@inproceedings{liu2023enhancing,
  title={Enhancing Document-level Event Argument Extraction with Contextual Clues and Role Relevance},
  author={Liu, Wanlong and Cheng, Shaohuan and Zeng, Dingyi and Hong, Qu},
  booktitle={Findings of the Association for Computational Linguistics: ACL 2023},
  pages={12908--12922},
  year={2023}
}

@inproceedings{hsu2023ampere,
  title={AMPERE: AMR-Aware Prefix for Generation-Based Event Argument Extraction Model},
  author={Hsu, I-Hung and Xie, Zhiyu and Huang, Kuan-Hao and Natarajan, Prem and Peng, Nanyun},
  booktitle={Proceedings of the 61st Annual Meeting of the Association for Computational Linguistics (Volume 1: Long Papers)},
  pages={10976--10993},
  year={2023}
}

@inproceedings{ren2023retrieve,
  title={Retrieve-and-sample: Document-level event argument extraction via hybrid retrieval augmentation},
  author={Ren, Yubing and Cao, Yanan and Guo, Ping and Fang, Fang and Ma, Wei and Lin, Zheng},
  booktitle={Proceedings of the 61st Annual Meeting of the Association for Computational Linguistics (Volume 1: Long Papers)},
  pages={293--306},
  year={2023}
}

@inproceedings{zhang2022transfer,
  title={Transfer learning from semantic role labeling to event argument extraction with template-based slot querying},
  author={Zhang, Zhisong and Strubell, Emma and Hovy, Eduard},
  booktitle={Proceedings of the 2022 Conference on Empirical Methods in Natural Language Processing},
  pages={2627--2647},
  year={2022}
}

@inproceedings{li2023intra,
  title={Intra-Event and Inter-Event Dependency-Aware Graph Network for Event Argument Extraction},
  author={Li, Hao and Cao, Yanan and Ren, Yubing and Fang, Fang and Zhang, Lanxue and Li, Yingjie and Wang, Shi},
  booktitle={Findings of the Association for Computational Linguistics: EMNLP 2023},
  pages={6362--6372},
  year={2023}
}

@inproceedings{veyseh2022document,
  title={Document-level event argument extraction via optimal transport},
  author={Veyseh, Amir Pouran Ben and Van Nguyen, Minh and Dernoncourt, Franck and Min, Bonan and Nguyen, Thien},
  booktitle={Findings of the Association for Computational Linguistics: ACL 2022},
  pages={1648--1658},
  year={2022}
}

@inproceedings{liu2023document,
  title={Document-level event argument extraction with a chain reasoning paradigm},
  author={Liu, Jian and Liang, Chen and Xu, Jinan and Liu, Haoyan and Zhao, Zhe},
  booktitle={Proceedings of the 61st Annual Meeting of the Association for Computational Linguistics (Volume 1: Long Papers)},
  pages={9570--9583},
  year={2023}
}

@inproceedings{yang2023amr,
  title={An AMR-based Link Prediction Approach for Document-level Event Argument Extraction},
  author={Yang, Yuqing and Guo, Qipeng and Hu, Xiangkun and Zhang, Yue and Qiu, Xipeng and Zhang, Zheng},
  booktitle={Proceedings of the 61st Annual Meeting of the Association for Computational Linguistics (Volume 1: Long Papers)},
  pages={12876--12889},
  year={2023}
}

@article{zhuang2023syntax,
  title={Syntax-based dynamic latent graph for event relation extraction},
  author={Zhuang, Ling and Fei, Hao and Hu, Po},
  journal={Information Processing \& Management},
  volume={60},
  number={5},
  pages={103469},
  year={2023}
}

@article{liu2020extracting,
  title={Extracting events and their relations from texts: A survey on recent research progress and challenges},
  author={Liu, Kang and Chen, Yubo and Liu, Jian and Zuo, Xinyu and Zhao, Jun},
  journal={AI Open},
  volume={1},
  pages={22--39},
  year={2020}
}

@article{pan2023large,
  title={Large Language Models and Knowledge Graphs: Opportunities and Challenges},
  author={Pan, Jeff Z and Razniewski, Simon and Kalo, Jan-Christoph and Singhania, Sneha and Chen, Jiaoyan and Dietze, Stefan and Jabeen, Hajira and Omeliyanenko, Janna and Zhang, Wen and Lissandrini, Matteo and others},
  journal={TRANSACTIONS ON GRAPH DATA AND KNOWLEDGE},
  pages={1--38},
  year={2023}
}

@article{zhang2015sensitivity,
  title={A sensitivity analysis of (and practitioners' guide to) convolutional neural networks for sentence classification},
  author={Zhang, Ye and Wallace, Byron},
  journal={arXiv preprint arXiv:1510.03820},
  year={2015}
}

@article{rumelhart1986learning,
  title={Learning representations by back-propagating errors},
  author={Rumelhart, David E and Hinton, Geoffrey E and Williams, Ronald J},
  journal={nature},
  volume={323},
  number={6088},
  pages={533--536},
  year={1986}
}

@article{creswell2018generative,
  title={Generative adversarial networks: An overview},
  author={Creswell, Antonia and White, Tom and Dumoulin, Vincent and Arulkumaran, Kai and Sengupta, Biswa and Bharath, Anil A},
  journal={IEEE signal processing magazine},
  volume={35},
  number={1},
  pages={53--65},
  year={2018}
}

@inproceedings{veyseh2021unleash,
  title={Unleash GPT-2 power for event detection},
  author={Veyseh, Amir Pouran Ben and Lai, Viet and Dernoncourt, Franck and Nguyen, Thien Huu},
  booktitle={Proceedings of the 59th Annual Meeting of the Association for Computational Linguistics and the 11th International Joint Conference on Natural Language Processing (Volume 1: Long Papers)},
  pages={6271--6282},
  year={2021}
}

@inproceedings{liao2010filtered,
  title={Filtered ranking for bootstrapping in event extraction},
  author={Liao, Shasha and Grishman, Ralph},
  booktitle={Proceedings of the 23rd International Conference on Computational Linguistics (Coling 2010)},
  pages={680--688},
  year={2010}
}

@inproceedings{xu2006automatic,
  title={Automatic event and relation detection with seeds of varying complexity},
  author={Xu, Feiyu and Uszkoreit, Hans and Li, Hong},
  booktitle={Proceedings of the AAAI workshop event extraction and synthesis},
  pages={12--17},
  year={2006}
}

@article{kilicoglu2011effective,
  title={Effective bio-event extraction using trigger words and syntactic dependencies},
  author={Kilicoglu, Halil and Bergler, Sabine},
  journal={Computational Intelligence},
  volume={27},
  number={4},
  pages={583--609},
  year={2011}
}

@article{项威2020事件知识图谱构建技术与应用综述,
  title={事件知识图谱构建技术与应用综述},
  author={项威},
  journal={计算机与现代化},
  number={1},
  pages={10--16},
  year={2020}
}

@article{胡志磊2021事件图谱的构建,
  title={事件图谱的构建, 推理与应用},
  author={胡志磊 and 靳小龙 and 陈剑赟 and 黄冠利 and others},
  journal={大数据},
  volume={7},
  number={3},
  pages={2021027}
}

@inproceedings{cho2014learning,
  title={Learning Phrase Representations using RNN Encoder-Decoder for Statistical Machine Translation},
  author={Cho, Kyunghyun and Merrienboer, Bart and Gulcehre, Caglar and Bougares, Fethi and Schwenk, Holger and Bengio, Yoshua},
  booktitle={Proceedings of the 2014 Conference on Empirical Methods in Natural Language Processing (EMNLP)},
  pages={1724--1734},
  year={2014}
}

@inproceedings{nguyen2018graph,
  title={Graph convolutional networks with argument-aware pooling for event detection},
  author={Nguyen, Thien and Grishman, Ralph},
  booktitle={Proceedings of the AAAI Conference on Artificial Intelligence},
  volume={32},
  number={1},
  pages={5900--5907},
  year={2018}
}

@article{khosla2020supervised,
  title={Supervised contrastive learning},
  author={Khosla, Prannay and Teterwak, Piotr and Wang, Chen and Sarna, Aaron and Tian, Yonglong and Isola, Phillip and Maschinot, Aaron and Liu, Ce and Krishnan, Dilip},
  journal={Advances in neural information processing systems},
  volume={33},
  pages={18661--18673},
  year={2020}
}

@article{wu2023brief,
  title={A brief overview of ChatGPT: The history, status quo and potential future development},
  author={Wu, Tianyu and He, Shizhu and Liu, Jingping and Sun, Siqi and Liu, Kang and Han, Qing-Long and Tang, Yang},
  journal={IEEE/CAA Journal of Automatica Sinica},
  volume={10},
  number={5},
  pages={1122--1136},
  year={2023}
}

@article{黄河燕2023融合实体和上下文信息的篇章关系抽取研究,
  title={融合实体和上下文信息的篇章关系抽取研究},
  author={黄河燕 and 袁长森 and 冯冲},
  journal={自动化学报},
  volume={49},
  pages={1--10},
  year={2023}
}

@article{蔡宇翔2024基于跨度边界感知的嵌套命名实体识别,
  title={基于跨度边界感知的嵌套命名实体识别},
  author={蔡宇翔 and 骆妲 and 甘洋镭 and 侯睿 and 刘雪怡 and 刘峤 and 石晓军},
  journal={软件学报},
  pages={1--14},
  year={2024}
}

@article{guan2023event,
  title={What is Event Knowledge Graph: A Survey},
  author={Guan, Saiping and Cheng, Xueqi and Bai, Long and Zhang, Fujun and Li, Zixuan and Zeng, Yutao and Jin, Xiaolong and Guo, Jiafeng},
  journal={IEEE Transactions on Knowledge and Data Engineering},
  volume={35},
  number={7},
  pages={7569--7589},
  year={2023}
}

@article{lu2022end,
  title={End-to-end neural event coreference resolution},
  author={Lu, Yaojie and Lin, Hongyu and Tang, Jialong and Han, Xianpei and Sun, Le},
  journal={Artificial Intelligence},
  volume={303},
  pages={103632},
  year={2022}
}

@inproceedings{lu2021span,
  title={Span-based event coreference resolution},
  author={Lu, Jing and Ng, Vincent},
  booktitle={Proceedings of the AAAI conference on artificial intelligence},
  volume={35},
  number={15},
  pages={13489--13497},
  year={2021}
}

@inproceedings{souza2020event,
  title={Event-QA: A dataset for event-centric question answering over knowledge graphs},
  author={Souza Costa, Tarc{\'\i}sio and Gottschalk, Simon and Demidova, Elena},
  booktitle={Proceedings of the 29th ACM international conference on information \& knowledge management},
  pages={3157--3164},
  year={2020}
}

@article{miller1990introduction,
  title={Introduction to WordNet: An on-line lexical database},
  author={Miller, George A and Beckwith, Richard and Fellbaum, Christiane and Gross, Derek and Miller, Katherine J},
  journal={International journal of lexicography},
  volume={3},
  number={4},
  pages={235--244},
  year={1990}
}

@article{sandhaus2008new,
  title={The new york times annotated corpus},
  author={Sandhaus, Evan},
  journal={Linguistic Data Consortium, Philadelphia},
  volume={6},
  number={12},
  pages={e26752},
  year={2008}
}

@inproceedings{dozat2018simpler,
  title={Simpler but More Accurate Semantic Dependency Parsing},
  author={Dozat, Timothy and Manning, Christopher D},
  booktitle={Proceedings of the 56th Annual Meeting of the Association for Computational Linguistics (Volume 2: Short Papers)},
  pages={484--490},
  year={2018}
}

@article{touvron2023llama,
  title={Llama: Open and efficient foundation language models},
  author={Touvron, Hugo and Lavril, Thibaut and Izacard, Gautier and Martinet, Xavier and Lachaux, Marie-Anne and Lacroix, Timoth{\'e}e and Rozi{\`e}re, Baptiste and Goyal, Naman and Hambro, Eric and Azhar, Faisal and others},
  journal={arXiv preprint arXiv:2302.13971},
  year={2023}
}
